# Computer Vision
@STRING{CVPR="Conference on Computer Vision and Pattern Recognition (CVPR)"}
@STRING{CVPRW="Conference on Computer Vision and Pattern Recognition Workshops (CVPRW)"}
@STRING{ICCV="International Conference on Computer Vision (ICCV)"}
@STRING{ICCVW="International Conference on Computer Vision Workshops (ICCVW)"}
@STRING{ECCV="European Conference on Computer Vision (ECCV)"}
@STRING{BMVC="British Machine Vision Conference (BMVC)"}
@STRING{WACV="Winter Conference on Applications of Computer Vision (WACV)"}
@STRING{WACVold="Workshop on the Applications of Computer Vision (WACV)"}
@STRING{ACCV="Asian Conference on Computer Vision (ACCV)"}
@STRING{GCPR="German Conference on Pattern Recognition (GCPR)"}
@STRING{ICME="International Conference on Multimedia and Expo (ICME)"}
@STRING{ICMI="International Conference on Multimodal Interaction (ICMI)"}

# Machine Learning
@STRING{NIPS="Advances in Neural Information Processing Systems (NeurIPS)"}
@STRING{NeurIPS="Advances in Neural Information Processing Systems (NeurIPS)"}
@STRING{NeurIPSData="Advances in Neural Information Processing Systems (NeurIPS): Track on Datasets and Benchmarks"}
@STRING{ICML="International Conference on Machine Learning (ICML)"}
@STRING{IJCAI="International Joint Conference on Artificial Intelligence (IJCAI)"}
@STRING{ICLR="International Conference on Learning Representations (ICLR)"}
@STRING{AISTATS="International Conference on Artificial Intelligence and Statistics (AISTATS)"}
@STRING{AAAI="Association for the Advancement of Artificial Intelligence (AAAI)"}
@STRING{UAI="Uncertainty in Artificial Intelligence (UAI)"}

# NLP
@STRING{ACL="Association of Computational Linguistics (ACL)"}
@STRING{NAACL-HLT="North American Chapter of Association of Computational Linguistics: Human Language Technologies (NAACL-HLT)"}
@STRING{EACL="European Chapter of the Association for Computational Linguistics (EACL)"}
@STRING{EMNLP="Empirical Methods in Natural Language Processing (EMNLP)"}
@STRING{EMNLPFINDINGS="Findings of Empirical Methods in Natural Language Processing (EMNLP)"}
@STRING{IJCNLP="International Joint Conference on Natural Language Processing (IJCNLP)"}
@STRING{EMNLPIJCNLP="Empirical Methods in Natural Language Processing and the International Joint Conference on Natural Language Processing (EMNLP-IJCNLP)"}
@STRING{CoNLL="Computational Natural Language Learning (CoNLL)"}
@STRING{COLING="International Conference on Computational Linguistics (COLING)"}

# Image processing / visualization
@STRING{FG="International Conference on Automatic Face and Gesture Recognition (FG)"}
@STRING{AVSS="International Conference on Advanced Video and Signal-based Surveillance (AVSS)"}
@STRING{ICIP="International Conference on Image Processing (ICIP)"}
@STRING{ICIV="International Conference on Information Visualization (iV)"}
@STRING{ICPR="International Conference on Pattern Recognition (ICPR)"}

# Multimedia
@STRING{ACMMM="ACM Multimedia (MM)"}
@STRING{AMM="Advances in Multimedia Modeling"}
@STRING{ICMR="International Conference on Multimedia Retrieval (ICMR)"}
@STRING{CIVR="International Conference on Image and Video Retrieval (CIVR)"}
@STRING{ICME="International Conference on Multimedia and Expo (ICME)"}
@STRING{ICASSP="International Conference on Acoustics, Speech and Signal Processing (ICASSP)"}
@STRING{CBMI="International Workshop on Content-Based Multimedia Indexing (CBMI)"}

# Misc
@STRING{CHI="ACM Conference on Human Factors in Computing Systems (CHI)"}

# Journals
@STRING{IJCV="International Journal of Computer Vision (IJCV)"}
@STRING{PAMI="IEEE Transactions on Pattern Analysis and Machine Intelligence (PAMI)"}
@STRING{TNN="IEEE Transactions on Neural Networks"}
@STRING{TMM="IEEE Transactions on Multimedia"}
@STRING{TIP="IEEE Transactions on Image Processing (TIP)"}
@STRING{TVCG="IEEE Transactions on Visualization and Computer Graphics"}
@STRING{TCSVT="IEEE Transactions on Circuits and Systems for Video Technology"}
@STRING{JMLR="Journal of Machine Learning Research (JMLR)"}
@STRING{CVIU="Computer Vision and Image Understanding (CVIU)"}
@STRING{IVC="Image and Vision Computing"}
@STRING{SPMAG="IEEE Signal Processing Magazine"}
@STRING{SPL="IEEE Signal Processing Letters"}
