@inproceedings{yu2017concepts,
title = {{End-to-end Concept Word Detection for Video Captioning, Retrieval, and Question Answering}},
author = {Youngjae Yu and Hyungjin Ko and Jongwook Choi and Gunhee Kim},
booktitle = cvpr,
year = {2017}
}

@inproceedings{yu2018jsfusion,
title = {{A Joint Sequence Fusion Model for Video Question Answering and Retrieval}},
author = {Youngjae Yu and Jongseok Kim and Gunhee Kim},
booktitle = eccv,
year = {2018}
}

@inproceedings{tapaswi2014storygraphs,
title = {{StoryGraphs: Visualizing Character Interactions as a Timeline}},
author = {Makarand Tapaswi and Martin Bäuml and Rainer Stiefelhagen},
booktitle = cvpr,
year = {2014}
}

@inproceedings{chen2021shotcol,
author = {Shixing Chen and Xiaohan Nie and David Fan and Dongqing Zhang and Vimal Bhat and Raffay Hamid},
title = {{Self-Supervised Learning for Scene Boundary Detection}},
booktitle = cvpr,
year = {2021}
}

@article{rotman2017osg,
author = {Daniel Rotman and Dror Porat and Gal Ashour},
title = {{Optimal Sequential Grouping for Robust Video Scene Detection using Multiple Modalities}},
journal = {International Journal of Semantic Computing},
volume = 11,
number = 2,
pages = {192--208},
year = {2017}
}

@inproceedings{rasheed2003scenedet,
author = {Rasheed, Zeeshan and Shah, Mubarak}, 
title = {{Scene Detection in Hollywood Movies and TV Shows}},
booktitle = cvpr,
year = {2003}
}

@inproceedings{mun2022bassl,
title={{Boundary-aware Self-supervised Learning for Video Scene Segmentation}},
author={Mun, Jonghwan and Shin, Minchul and Han, Gunsu and Lee, Sangho and Ha, Sungsu and Lee, Joonseok and Kim, Eun-sol},
booktitle = accv,
year={2022}
}

@article{clore1987affectivelexicon,
author = {Clore, Gerald L. and Ortony, Andrew and Foss, Mark A.},
title = {{The Psychological Foundations of the Affective Lexicon}},
journal = {Journal of Personality and Social Psychology},
volume = 53,
number = 4,
pages = {751--766},
year = {1987}
}

@article{afew,
author = {Abhinav Dhall and Roland Goecke and Simon Lucey and Tom Gedeon},
title = {{Collecting Large, Richly Annotated Facial-Expression Databases from Movies}},
journal = {IEEE Multimedia},
volume = 19,
pages = {34--41},
year = 2012
}

@inproceedings{value_benchmark,
title = {{VALUE: A Multi-Task Benchmark for Video-and-Language Understanding Evaluation}},
author = {Li, Linjie and Lei, Jie and Gan, Zhe and Yu, Licheng and Chen, Yen-Chun and Pillai, Rohit and Cheng, Yu and Zhou, Luowei and Wang, Xin Eric and Wang, William Yang and others},
booktitle = neuripsdata,
year = 2021
}

@inproceedings{book2movie,
title = {{Book2Movie: Aligning Video scenes with Book chapters}},
author = {Makarand Tapaswi and Martin Bäuml and Rainer Stiefelhagen},
booktitle = cvpr,
year = 2015
}

@inproceedings{book_movie_uoft,
title = {{Aligning Books and Movies: Towards Story-like Visual Explanations by Watching Movies and Reading Books}},
author = {Yukun Zhu and Ryan Kiros and Richard Zemel and Ruslan Salakhutdinov and Raquel Urtasun and Antonio Torralba and Sanja Fidler},
booktitle = iccv,
year = 2015
}

@inproceedings{graph_movienet,
title = {{A Graph-based Framework to Bridge Movies and Synopses}},
author = {Yu Xiong and Qingqiu Huang and Lingfeng Guo and Hang Zhou and Bolei Zhou and Dahua Lin},
booktitle = iccv,
year = 2019
}

@inproceedings{tvqa,
title = {{TVQA: Localized, Compositional Video Question Answering}},
author = {Lei, Jie and Yu, Licheng and Bansal, Mohit and Berg, Tamara L},
booktitle = emnlp,
year = 2018
}

@inproceedings{marin2019laeo,
title = {{LAEO-Net: revisiting people Looking At Each Other in videos}},
author = {Marin-Jimenez, Manuel J and Kalogeiton, Vicky and Medina-Suarez, Pablo and Zisserman, Andrew},
booktitle = cvpr,
year = 2019
}

@inproceedings{fan2019understanding,
title = {{Understanding Human Gaze Communication by Spatio-Temporal Graph Reasoning}},
author={Fan, Lifeng and Wang, Wenguan and Huang, Siyuan and Tang, Xinyu and Zhu, Song-Chun},
booktitle = cvpr,
year = 2019
}

@article{lsmdc,
author = {Rohrbach, Anna and Torabi, Atousa and Rohrbach, Marcus and Tandon, Niket and  Pal, Chris and Larochelle, Hugo and Courville, Aaron and Schiele, Bernt}, 
title = {{Movie Description}}, 
journal={IJCV}, 
volume = 123,
pages = {94–120},
year = {2017}
}

@inproceedings{fillin,
author = {Park, Jae Sung and Darrell, Trevor and Rohrbach, Anna},
title = {{Identity-Aware Multi-Sentence Video Description}},
booktitle = eccv,
year = {2020}
}

@inproceedings{face_body_voice,
title = {{Face, Body, Voice: Video Person-Clustering with Multiple Modalities}},
author = {Andrew Brown and Vicky Kalogeiton and Andrew Zisserman},
booktitle = iccvw,
year = 2021
}

@inproceedings{brown2021corroborative,
title = {{Automated Video Labelling: Identifying Faces by Corroborative Evidence}},
author = {Andrew Brown and Ernesto Coto and Andrew Zisserman},
booktitle = {Multimedia Information Processing and Retrieval (MIPR)},
year = 2021
}

@inproceedings{condensed_movies,
title = {{Condensed Movies: Story Based Retrieval with Contextual Embeddings}},
author = {Max Bain and Arsha Nagrani and Andrew Brown and Andrew Zisserman},
booktitle = accv,
year = 2020
}

@inproceedings{nagrani2017sherlock,
author = {Arsha Nagrani and Andrew Zisserman},
title = {{From Benedict Cumberbatch to Sherlock Holmes: Character Identification in TV series without a Script}},
booktitle = bmvc,
year = {2017}
}

@inproceedings{knock_knock,
author = {Makarand Tapaswi and Martin Bäuml and Rainer Stiefelhagen},
title = {{``Knock! Knock! Who is it?'' Probabilistic Person Identification in TV series}},
booktitle = cvpr,
year = {2012},
}

@inproceedings{buffy,
author = {Everingham, Mark and Sivic, Josef and Zisserman, Andrew},
title = {{``Hello! My name is ... Buffy'' -- Automatic Naming of Characters in TV Video}},
booktitle = bmvc,
year = {2006}
}

@inproceedings{ava,
title = {{AVA: A Video Dataset of Spatio-temporally Localized Atomic Visual Actions}},
author = {Chunhui Gu and Chen Sun and David A. Ross and Carl Vondrick and Caroline Pantofaru and Yeqing Li and Sudheendra Vijayanarasimhan and George Toderici and Susanna Ricco and Rahul Sukthankar and Cordelia Schmid and Jitendra Malik},
booktitle = cvpr,
year = 2018
}

@inproceedings{lvu,
title = {{Towards Long-Form Video Understanding}},
author = {Chao-Yuan Wu and Philipp Krähenbühl},
booktitle = cvpr,
year = 2021
}

@inproceedings{movieqa,
title = {{MovieQA: Understanding Stories in Movies through Question-Answering}},
author = {Makarand Tapaswi and Yukun Zhu and Rainer Stiefelhagen and Antonio Torralba and Raquel Urtasun and Sanja Fidler},
booktitle = cvpr,
year = 2016
}

@inproceedings{lirec,
title = {{Learning Interactions and Relationships between Movie Characters}},
author = {Anna Kukleva and Makarand Tapaswi and Ivan Laptev},
booktitle = cvpr,
year = 2020
}

@inproceedings{vit,
title = {{An Image is Worth 16x16 Words: Transformers for Image Recognition at Scale}},
author = {Dosovitskiy, Alexey and Beyer, Lucas and Kolesnikov, Alexander and Weissenborn, Dirk and Zhai, Xiaohua and Unterthiner, Thomas and  Dehghani, Mostafa and Minderer, Matthias and Heigold, Georg and Gelly, Sylvain and Uszkoreit, Jakob and Houlsby, Neil},
booktitle = iclr,
year = 2021
}

@inproceedings{videobert,
title = {{VideoBERT: A Joint Model for Video and Language Representation Learning}},
author = {Chen Sun and Austin Myers and Carl Vondrick and Kevin Murphy and Cordelia Schmid},
booktitle = iccv,
year = 2019
}

@inproceedings{local2global_sceneseg,
title = {{A Local-to-Global Approach to Multi-modal Movie Scene Segmentation}},
author = {Anyi Rao and Linning Xu and Yu Xiong and Guodong Xu and Qingqiu Huang and Bolei Zhou and Dahua Lin},
booktitle = cvpr,
year = 2020
}

@article{q2l,
title = {{Query2Label: A Simple Transformer Way to Multi-Label Classification}},
author = {Shilong Liu and Lei Zhang and Xiao Yang and Hang Su and Jun Zhu},
journal = {arXiv:2107.10834},
year = 2021
}

@inproceedings{moviegraphs,
title={{MovieGraphs: Towards Understanding Human-Centric Situations from Videos}},
author={Vicol, Paul and Tapaswi, Makarand and Castrejon, Lluis and Fidler, Sanja},
booktitle=cvpr,
year={2018}
}

@inproceedings{dialogRNN,
title={{DialogueRNN: An Attentive RNN for Emotion Detection in Conversations}},
author={Majumder, Navonil and Poria, Soujanya and Hazarika, Devamanyu and Mihalcea, Rada and Gelbukh, Alexander and Cambria, Erik},
booktitle=aaai,
year={2019}
}

@inproceedings{m2fnet,
title={{M2FNet: Multi-modal Fusion Network for Emotion Recognition in Conversation}},
author={Chudasama, Vishal and Kar, Purbayan and Gudmalwar, Ashish and Shah, Nirmesh and Wasnik, Pankaj and Onoe, Naoyuki},
booktitle=cvprw,
year={2022}
}

@inproceedings{emoticon,
title={{EmotiCon: Context-Aware Multimodal Emotion Recognition using Frege's Principle}},
author={Mittal, Trisha and Guhan, Pooja and Bhattacharya, Uttaran and Chandra, Rohan and Bera, Aniket and Manocha, Dinesh},
booktitle=cvpr,
year={2020}
}

@inproceedings{affect2mm,
title={{Affect2MM: Affective Analysis of Multimedia Content Using Emotion Causality}},
author={Mittal, Trisha and Mathur, Puneet and Bera, Aniket and Manocha, Dinesh},
booktitle=cvpr,
year={2021}
}

@inproceedings{caer,
title={{Context-aware Emotion Recognition Networks}},
author={Lee, Jiyoung and Kim, Seungryong and Kim, Sunok and Park, Jungin and Sohn, Kwanghoon},
booktitle=cvpr,
year={2019}
}

@inproceedings{emotic,
title={{Emotion recognition in context}},
author={Kosti, Ronak and Alvarez, Jose M and Recasens, Adria and Lapedriza, Agata},
booktitle=cvpr,
year={2017}
}

@inproceedings{todkat,
title = {{Topic-Driven and Knowledge-Aware Transformer for Dialogue Emotion Detection}},
author = "Zhu, Lixing  and Pergola, Gabriele  and Gui, Lin  and Zhou, Deyu  and He, Yulan",
booktitle = ijcnlp,
year = "2021",
}

@article{BaveyeLIRIS,
title={{LIRIS-ACCEDE: A video database for affective content analysis}},
author={Baveye, Yoann and Dellandrea, Emmanuel and Chamaret, Christel and Chen, Liming},
journal={IEEE Transactions on Affective Computing},
pages={43--55},
year={2015}
}

@article{mtcnn,
title={{Joint Face Detection and Alignment using Multi-task Cascaded Convolutional Networks}},
author={Zhang, Kaipeng and Zhang, Zhanpeng and Li, Zhifeng and Qiao, Yu},
journal=spl,
pages={1499--1503},
year={2016}
}

@inproceedings{attendaffectnet,
title={{AttendAffectNet: Self-Attention based Networks for Predicting Affective Responses from Movies}},
author={Thao, Ha Thi Phuong and Balamurali, BT and Herremans, Dorien and Roig, Gemma},
booktitle=icpr,
year={2021}
}

@InProceedings{c1c,
author       = {{Kalogeiton, Vicky, and Zisserman, Andrew}},
title        = "Constrained Video Face Clustering using 1NN Relations",
booktitle    = bmvc,
year         = "2020",
}

@InProceedings{facefeat,
author       = "S. Albanie and A. Vedaldi",
title        = {{Learning Grimaces by Watching TV}},
booktitle    = bmvc,
year         = "2016",
}

@InProceedings{resnet,
author = {He, Kaiming and Zhang, Xiangyu and Ren, Shaoqing and Sun, Jian},
title = {{Deep Residual Learning for Image Recognition}},
booktitle = cvpr,
month = {June},
year = {2016}
}

@article{imagenet,
Author = {Olga Russakovsky and Jia Deng and Hao Su and Jonathan Krause and Sanjeev Satheesh and Sean Ma and Zhiheng Huang and Andrej Karpathy and Aditya Khosla and Michael Bernstein and Alexander C. Berg and Li Fei-Fei},
Title = {{ImageNet Large Scale Visual Recognition Challenge}},
Year = {2015},
journal   = ijcv,
volume = 115,
pages={211-252}
}

@article{places365,
title={{Places: A 10 Million Image Database for Scene Recognition}},
author={Zhou, Bolei and Lapedriza, Agata and Khosla, Aditya and Oliva, Aude and Torralba, Antonio},
journal=pami,
volume = 40,
number = 6,
pages = {1452--1464},
year={2017},
}

@article{kalman,
Author = {Kalman, Rudolph Emil},
Title = {{A New Approach to Linear Filtering and Prediction Problems}},
Journal = {Transactions of the ASME--Journal of Basic Engineering},
Pages = {35--45},
Year = {1960}
}

@inproceedings{sort,
author={Bewley, Alex and Ge, Zongyuan and Ott, Lionel and Ramos, Fabio and Upcroft, Ben},
booktitle=icip,
title={{Simple Online and Realtime Tracking}},
year={2016}
}

@inproceedings{fer13,
title={{Challenges in representation learning: A report on three machine learning contests}},
author={Goodfellow, Ian J and Erhan, Dumitru and Carrier, Pierre Luc and Courville, Aaron and Mirza, Mehdi and Hamner, Ben and Cukierski, Will and Tang, Yichuan and Thaler, David and Lee, Dong-Hyun and others},
booktitle={International Conference on Neural Information Processing (ICONIPS)},
year={2013}
}

@INPROCEEDINGS{sfew,
author={Dhall, Abhinav and Goecke, Roland and Lucey, Simon and Gedeon, Tom},
booktitle=iccvw, 
title={{Static facial expression analysis in tough conditions: Data, evaluation protocol and benchmark}}, 
year={2011}
}

@inproceedings{vggface,
title={{Deep Face Recognition}},
author={Omkar M. Parkhi and Andrea Vedaldi and Andrew Zisserman},
year={2015},
booktitle=bmvc
}

@inproceedings{cascadercnn,
title={{Cascade R-CNN: Delving into High Quality Object Detection}},
author={Cai, Zhaowei and Vasconcelos, Nuno},
booktitle=cvpr,
year={2018}
}

@inproceedings{movienet,
title={{MovieNet: A Holistic Dataset for Movie Understanding}},
author={Huang, Qingqiu and Xiong, Yu and Rao, Anyi and Wang, Jiaze and Lin, Dahua},
booktitle = eccv, 
year={2020}
}

@inproceedings{pytorch,
title = {{PyTorch: An Imperative Style, High-Performance Deep Learning Library}},
author = {Paszke, Adam and Gross, Sam and Massa, Francisco and Lerer, Adam and Bradbury, James and Chanan, Gregory and Killeen, Trevor and Lin, Zeming and Gimelshein, Natalia and Antiga, Luca and Desmaison, Alban and Kopf, Andreas and Yang, Edward and DeVito, Zachary and Raison, Martin and Tejani, Alykhan and Chilamkurthy, Sasank and Steiner, Benoit and Fang, Lu and Bai, Junjie and Chintala, Soumith},
booktitle = nips,
year = {2019}
}

@inproceedings{adam,
author    = {Diederik P. Kingma and Jimmy Ba},
editor    = {Yoshua Bengio and Yann LeCun},
title     = {{Adam: {A} Method for Stochastic Optimization}},
booktitle = iclr,
year      = {2015}
}

@article{layernorm,
author    = {Lei Jimmy Ba and Jamie Ryan Kiros and Geoffrey E. Hinton},
title     = {{Layer Normalization}},
journal   = {arXiv: 1607.06450},
year      = {2016}
}

@inproceedings{roberta,
title = {{A Robustly Optimized {BERT} Pre-training Approach with Post-training}},
author = "Zhuang, Liu  and Wayne, Lin  and Ya, Shi  and Jun, Zhao",
booktitle = "Chinese National Conference on Computational Linguistics",
year = "2021",
}

@inproceedings{cosmic,
title = {{COSMIC: COmmonSense knowledge for eMotion Identification in Conversations}},
author = "Ghosal, Deepanway  and Majumder, Navonil  and Gelbukh, Alexander  and Mihalcea, Rada  and Poria, Soujanya",
booktitle = emnlpfindings,
year = "2020",
}

@inproceedings{attention,
author = {Vaswani, Ashish and Shazeer, Noam and Parmar, Niki and Uszkoreit, Jakob and Jones, Llion and Gomez, Aidan N and Kaiser, \L ukasz and Polosukhin, Illia},
booktitle = neurips,
title = {{Attention is All you Need}},
year = {2017}
}

@inproceedings{wollmer2010textContext,
title={{Context-sensitive Multimodal Emotion Recognition from Speech and Facial Expression using Bidirectional LSTM Modeling}},
author={Martin W{\"o}llmer and Angeliki Metallinou and Florian Eyben and Bj{\"o}rn Schuller and Shrikanth S. Narayanan},
booktitle={Interspeech},
year={2010}
}

@article{ongSENDv1,
author = {Ong, Desmond and Wu, Zhengxuan and Zhi-Xuan, Tan and Reddan, Marianne and Kahhale, Isabella and Mattek, Alison and Zaki, Jamil},
year = {2019},
title = {{Modeling Emotion in Complex Stories: The Stanford Emotional Narratives Dataset}},
journal = {IEEE Transactions on Affective Computing},
}

@inproceedings{poria2019meld,
title = {{MELD: A Multimodal Multi-Party Dataset for Emotion Recognition in Conversations}},
author = "Poria, Soujanya  and
Hazarika, Devamanyu  and
Majumder, Navonil  and
Naik, Gautam  and
Cambria, Erik  and
Mihalcea, Rada",
booktitle = acl,
year = "2019",
}

@inproceedings{chatterjee2019EmoContext,
title = "{S}em{E}val-2019 Task 3: {E}mo{C}ontext Contextual Emotion Detection in Text",
author = "Chatterjee, Ankush  and
Narahari, Kedhar Nath  and
Joshi, Meghana  and
Agrawal, Puneet",
booktitle = "Proceedings of the 13th International Workshop on Semantic Evaluation",
year = "2019",
pages = "39--48",
}

@inproceedings{li2017dailydialog,
title = {{DailyDialog: A Manually Labelled Multi-turn Dialogue Dataset}},
author = "Li, Yanran  and
Su, Hui  and
Shen, Xiaoyu  and
Li, Wenjie  and
Cao, Ziqiang  and
Niu, Shuzi",
booktitle = ijcnlp,
year = "2017",
}

@inproceedings{hsu2018emotionlines,
title = "{E}motion{L}ines: An Emotion Corpus of Multi-Party Conversations",
author = "Hsu, Chao-Chun  and Chen, Sheng-Yeh  and Kuo, Chuan-Chun  and Huang, Ting-Hao and Ku, Lun-Wei",
booktitle = "Proceedings of the Eleventh International Conference on Language Resources and Evaluation ({LREC} 2018)",
year = "2018",
}

@inproceedings{alm2005emotions,
title = "Emotions from Text: Machine Learning for Text-based Emotion Prediction",
author = "Alm, Cecilia Ovesdotter  and Roth, Dan  and Sproat, Richard",
booktitle = "Proceedings of Human Language Technology Conference and Conference on Empirical Methods in Natural Language Processing",
year = "2005",
pages = "579--586",
}

@article{Ekman1971,
title={Constants across cultures in the face and emotion.},
author={Paul Ekman and W V Friesen},
journal={Journal of personality and social psychology},
year={1971},
pages={124-9}
}

@inproceedings{Li2022EmoLoc,
author = {Li, Juncheng and Xie, Junlin and Zhu, Linchao and Qian, Long and Tang, Siliang and Zhang, Wenqiao and Shi, Haochen and Zhang, Shengyu and Wei, Longhui and Tian, Qi and Zhuang, Yueting},
title = {{Dilated Context Integrated Network with Cross-Modal Consensus for Temporal Emotion Localization in Videos}},
year = {2022},
booktitle = acmmm
}

@INPROCEEDINGS{WeiEmotionNet,
author={Wei, Zijun and Zhang, Jianming and Lin, Zhe and Lee, Joon-Young and Balasubramanian, Niranjan and Hoai, Minh and Samaras, Dimitris},
booktitle=cvpr, 
title={{Learning Visual Emotion Representations From Web Data}}, 
year={2020}
}

@inproceedings{She2021DiveIA,
title={{Dive into Ambiguity: Latent Distribution Mining and Pairwise Uncertainty Estimation for Facial Expression Recognition}},
author={Jiahui She and Yibo Hu and Hailin Shi and Jun Wang and Qiu Shen and Tao Mei},
booktitle=cvpr,
year={2021}
}

@ARTICLE{affectnet,
author={Mollahosseini, Ali and Hasani, Behzad and Mahoor, Mohammad H.},
journal={IEEE Transactions on Affective Computing}, 
title={{AffectNet: A Database for Facial Expression, Valence, and Arousal Computing in the Wild}}, 
year={2019},
pages={18-31},
}

@article{YouUBE,
author = {You, Quanzeng and Luo, Jiebo and Jin, Hailin and Yang, Jianchao},
year = {2016},
title = {{Building a Large Scale Dataset for Image Emotion Recognition: The Fine Print and The Benchmark}},
journal = {Proceedings of the AAAI Conference on Artificial Intelligence},
}

@InProceedings{PandaDE,
author="Panda, Rameswar
and Zhang, Jianming
and Li, Haoxiang
and Lee, Joon-Young
and Lu, Xin
and Roy-Chowdhury, Amit K.",
editor="Ferrari, Vittorio
and Hebert, Martial
and Sminchisescu, Cristian
and Weiss, Yair",
title={{Contemplating Visual Emotions: Understanding and Overcoming Dataset Bias}},
booktitle=eccv,
year="2018"
}

@inproceedings{Liu2014FacialER,
title={{Facial Expression Recognition via a Boosted Deep Belief Network}},
author={Ping Liu and Shizhong Han and Zibo Meng and Yan Tong},
booktitle=cvpr,
year={2014},
pages={1805-1812}
}

@inproceedings{Liu2014DeeplyLD,
title={{Deeply Learning Deformable Facial Action Parts Model for Dynamic Expression Analysis}},
author={Mengyi Liu and Shaoxin Li and S. Shan and Ruiping Wang and Xilin Chen},
booktitle=accv,
year={2014}
}

@inproceedings{dhallEmotiW17,
author = {{Dhall, Abhinav and Goecke, Roland and Ghosh, Shreya and Joshi, Jyoti and Hoey, Jesse and Gedeon, Tom}},
title = {From Individual to Group-Level Emotion Recognition: EmotiW 5.0},
year = {2017},
booktitle = icmi,
}

@inproceedings{dhallEmotiW16,
author = {Dhall, Abhinav and Goecke, Roland and Joshi, Jyoti and Hoey, Jesse and Gedeon, Tom},
title = {{EmotiW 2016: Video and Group-Level Emotion Recognition Challenges}},
year = {2016},
booktitle = {Proceedings of the 18th ACM International Conference on Multimodal Interaction},
pages = {427–432}
}

@inproceedings{dhallEmotiW15,
author = {{Dhall, Abhinav and Ramana Murthy, O.V. and Goecke, Roland and Joshi, Jyoti and Gedeon, Tom}},
title = {Video and Image Based Emotion Recognition Challenges in the Wild: EmotiW 2015},
year = {2015},
booktitle = {Proceedings of the 2015 ACM on International Conference on Multimodal Interaction},
pages = {423–426}
}

@inproceedings{DhallEmotiW14,
author = {{Dhall, Abhinav and Goecke, Roland and Joshi, Jyoti and Sikka, Karan and Gedeon, Tom}},
title = {Emotion Recognition In The Wild Challenge 2014: Baseline, Data and Protocol},
year = {2014},
booktitle = {Proceedings of the 16th International Conference on Multimodal Interaction},
pages = {461–466}
}

@inproceedings{DhallEmotiW13,
author = {{Dhall, Abhinav and Goecke, Roland and Joshi, Jyoti and Wagner, Michael and Gedeon, Tom}},
title = {Emotion Recognition in the Wild Challenge 2013},
year = {2013},
booktitle = icmi
}

@inproceedings{lucey2010CKplus,
title={{The Extended Cohn-Kanade Dataset (CK+): A complete dataset for action unit and emotion-specified expression}},
author={Patrick Lucey and Jeffrey F. Cohn and Takeo Kanade and Jason M. Saragih and Zara Ambadar and I. Matthews},
booktitle=cvprw,
year={2010},
pages={94-101}
}

@ARTICLE{tian2001CK,
author={Tian, Y.-I. and Kanade, T. and Cohn, J.F.},
journal=pami, 
title={{Recognizing action units for facial expression analysis}}, 
year={2001},
volume={23},
number={2},
pages={97-115},
}

@INPROCEEDINGS{pantic2005,
author={Pantic, M. and Valstar, M. and Rademaker, R. and Maat, L.},
booktitle = icme,
title={{Web-based database for facial expression analysis}},
year={2005},
}

@INPROCEEDINGS{cicero-emo,
author       =  {Schmitter, Amy M.},
title        =  {{17th and 18th Century Theories of Emotions}},
booktitle    =  {The {Stanford} Encyclopedia of Philosophy},
year         =  {2021},
}

@article{progbrainres,
author       =  {Joseph E. LeDoux},
title        =  {{Evolution of Human Emotions}},
journal    =  {Progress in Brain Research},
year         =  {2013},
volume = 195,
pages        =  {431-442}
}

@article{plutchik,
title       = {{A General Pscychoevolutionary Theory of Emotion}},
journal   = {Theories of Emotion},
pages       = {3-33},
year        = {1980},
author      = {Robert Plutchik}
}

@article{25emoticon,
author = {Kleinsmith, Andrea and Bianchi-Berthouze, Nadia},
title = {{Affective Body Expression Perception and Recognition: A Survey}},
year = {2013},
publisher = {IEEE Computer Society Press}
}

@INPROCEEDINGS{28emoticon,
author={Kosti, Ronak and Alvarez, Jose M. and Recasens, Adria and Lapedriza, Agata},
booktitle=cvpr, 
title={{Emotion Recognition in Context}}, 
year={2017},
pages={1960-1968}
}

@INPROCEEDINGS{SzegedyInceptionNet2015,
author={Szegedy, Christian and Wei Liu and Yangqing Jia and Sermanet, Pierre and Reed, Scott and Anguelov, Dragomir and Erhan, Dumitru and Vanhoucke, Vincent and Rabinovich, Andrew},
booktitle=cvpr,
title={{Going Deeper with Convolutions}}, 
year={2015}
}

@inproceedings{CaoVGGF22018,
author = {Cao, Qiong and Shen, Li and Xie, Weidi and Parkhi, Omkar M. and Zisserman, Andrew},
title = {{VGGFace2: A Dataset for Recognising Faces across Pose and Age}},
booktitle = fg,
year = {2018}
}

@article{RousseeuwSilhoutte1987,
title = {Silhouettes: A graphical aid to the interpretation and validation of cluster analysis},
journal = {Journal of Computational and Applied Mathematics},
volume = {20},
pages = {53-65},
year = {1987},
author = {Peter J. Rousseeuw},
}

@inproceedings{MikolovWord2Vec,
author = {Mikolov, Tomas and Sutskever, Ilya and Chen, Kai and Corrado, Greg and Dean, Jeffrey},
title = {{Distributed Representations of Words and Phrases and Their Compositionality}},
year = {2013},
booktitle = {International Conference on Neural Information Processing Systems (ICONIPS)},
}

@INPROCEEDINGS{FanMViT2021,
author={Fan, Haoqi and Xiong, Bo and Mangalam, Karttikeya and Li, Yanghao and Yan, Zhicheng and Malik, Jitendra and Feichtenhofer, Christoph},
booktitle=iccv, 
title={{Multiscale Vision Transformers}}, 
year={2021}
}

@INPROCEEDINGS{CarreiraQuoVadis2017,
author={Carreira, João and Zisserman, Andrew},
booktitle=cvpr, 
title={{Quo Vadis, Action Recognition? A New Model and the Kinetics Dataset}}, 
year={2017}
}

@inproceedings{zhang2020multilabelEmotionDet,
title = {{Multi-modal Multi-label Emotion Detection with Modality and Label Dependence}},
author = "Zhang, Dong and Ju, Xincheng and Li, Junhui and Li, Shoushan and Zhu, Qiaoming and Zhou, Guodong",
booktitle = emnlp,
year = {2020}
}

@inproceedings{ghosal2019dialoguegcn,
title = "{{DialogueGCN: A Graph Convolutional Neural Network for Emotion Recognition in Conversation}}",
author = "Ghosal, Deepanway and Majumder, Navonil and Poria, Soujanya and Chhaya, Niyati and Gelbukh, Alexander",
booktitle = emnlpijcnlp,
year = {2019}
}

@inproceedings{shen2021dialogXL,
author={Shen, Weizhou and Chen, Junqing and Quan, Xiaojun and Xie, Zhixian},
title={{DialogXL: All-in-One XLNet for Multi-Party Conversation Emotion Recognition}},
booktitle = aaai,
year ={2021},
}

@inproceedings{jiao2020HMN,
title={{Real-Time Emotion Recognition via Attention Gated Hierarchical Memory Network}},
author = {Jiao, Wenxiang and Lyu, Michael and King, Irwin},
booktitle = aaai,
year={2020}
}

@inproceedings{zhang2019erc,
title     = {{Modeling both Context- and Speaker-Sensitive Dependence for Emotion Detection in Multi-speaker Conversations}},
author    = {Zhang, Dong and Wu, Liangqing and Sun, Changlong and Li, Shoushan and Zhu, Qiaoming and Zhou, Guodong},
booktitle = ijcai,
year      = {2019}
}

@inproceedings{sivaprasad2018icmr,
title={{Multimodal Continuous Prediction of Emotions in Movies using Long Short-Term Memory Networks}},
author={Sivaprasad, Sarath and Joshi, Tanmayee and Agrawal, Rishabh and Pedanekar, Niranjan},
booktitle=icmr,
year={2018}
}

@inproceedings{dhruv2023emotx,
title = {{How you feelin'? Learning Emotions and Mental States in Movie Scenes}},
author = {Dhruv Srivastava and Aditya Kumar Singh and Makarand Tapaswi},
booktitle = {IEEE/CVF Conference on Computer Vision and Pattern Recognition (CVPR)},
year = {2023}
}
