# Machine Learning
@STRING{nips="NeurIPS"}
@STRING{neurips="NeurIPS"}
@STRING{icml="ICML"}
@STRING{iclr="ICLR"}
@STRING{aaai="AAAI"}

# Computer Vision
@STRING{pami="PAMI"}
@STRING{cvpr="CVPR"}
@STRING{iccv="ICCV"}
@STRING{eccv="ECCV"}
@STRING{iccvw="ICCV-W"}
@STRING{icip="ICIP"}
@STRING{ic3dv="International Conference on 3D Vision (3DV)"}

# Robotics
@STRING{icra="ICRA"}
@STRING{rss="RSS"}
@STRING{iros="IROS"}
@STRING{corl="CoRL"}

# Language
@STRING{acl="ACL"}
